@article{RRT94,
	author = {Ravi, S and Rosenkrantz, Daniel and Tayi, Giri},
	year = {1994},
	month = {04},
	pages = {299-310},
	title = {Heuristic and Special Case Algorithms for Dispersion Problems},
	volume = {42},
	journal = {Operations Research}
}

@article{Tam91,
	author = {Tamir, A.},
	title = {Obnoxious Facility Location on Graphs},
	journal = {SIAM Journal on Discrete Mathematics},
	volume = {4},
	number = {4},
	pages = {550-567},
	year = {1991}
}

@article{Feige97,
	author = {Uriel Feige and Michael Seltser},
	title = {On the Densest K-Subgraph Problem},
	journal = {Algorithmica},
	year = {1997},
	volume = {29},
	pages = {2001}
}

@book{KN12,
	title={Graphentheoretische Konzepte und Algorithmen},
	author={Krumke, S.O. and Noltemeier, H.},
	isbn={9783322921123},
	publisher = {Springer DE},
	series={XLeitf{\"a}den der Informatik},
	year={2012},
	publisher={Vieweg+Teubner Verlag}
}

@book{AMO93,
	author = {Ahuja, Ravindra K. and Magnanti, Thomas L. and Orlin, James B.},
	title = {Network Flows: Theory, Algorithms, and Applications},
	year = {1993},
	isbn = {0-13-617549-X},
	publisher = {Prentice-Hall, Inc.},
	address = {Upper Saddle River, NJ, USA}
} 

@article{Bod96,
	author = {Bodlaender, Hans},
	year = {1996},
	month = {02},
	pages = {1-45},
	title = {A Partial K-Arboretum of Graphs With Bounded Treewidth},
	volume = {209},
	journal = {Theoretical Computer Science}
}

@book{Pap94,
	address = {Reading, MA},
	author = {Papadimitriou, Christos H.},
	keywords = {complexity computation no.pdf np-hardness textbook},
	publisher = {Addison-Wesley},
	title = {Computational Complexity},
	year = 1994
}

@book{Wol97,
	title={Integer Programming},
	author={Wolsey, L.A.},
	isbn={9780471283669},
	lccn={98007296},
	series={Wiley Series in Discrete Mathematics and Optimization},
	year={1998},
	publisher={Wiley}
}

@article{KP93, 
	author={G. Kortsarz and D. Peleg}, 
	booktitle={Proceedings of 1993 IEEE 34th Annual Foundations of Computer Science}, 
	title={On choosing a dense subgraph}, 
	year={1993}, 
	volume={}, 
	number={}, 
	pages={692-701},
	month={11},
}

@article{EK14,
	author    = {Mohammed El{-}Kebir and Gunnar W. Klau},
	title     = {Solving the Maximum-Weight Connected Subgraph Problem to Optimality},
	journal   = {CoRR},
	volume    = {abs/1409.5308},
	year      = {2014},
	timestamp = {Mon, 13 Aug 2018 16:46:07 +0200}
}

@article{VJT79,
	author = {Valdes, Jacobo and Tarjan, Robert E. and Lawler, Eugene L.},
	title = {The Recognition of Series Parallel Digraphs},
	booktitle = {Proceedings of the Eleventh Annual ACM Symposium on Theory of Computing},
	series = {STOC '79},
	year = {1979},
	location = {Atlanta, Georgia, USA},
	pages = {1--12},
	numpages = {12},
	acmid = {804393},
	publisher = {ACM},
	address = {New York, NY, USA}
} 

@article{BLW87,
	title = "Linear-time computation of optimal subgraphs of decomposable graphs",
	journal = "Journal of Algorithms",
	volume = "8",
	number = "2",
	pages = "216 - 235",
	year = "1987",
	issn = "0196-6774",
	author = "M.W Bern and E.L Lawler and A.L Wong"
}

@phdthesis{Wimer87,
	author = {Wimer, Thomas Victor},
	advisor = {Hedetniemi, Stephen T.},
	title = {Linear Algorithms on K-terminal Graphs},
	year = {1987},
	note = {AAI8803914},
	publisher = {Clemson University},
	address = {Clemson, SC, USA},
} 


@book{Kloks94,
	author    = {Ton Kloks},
	title     = {Treewidth, Computations and Approximations},
	series    = {Lecture Notes in Computer Science},
	volume    = {842},
	publisher = {Springer},
	year      = {1994},
	isbn      = {3-540-58356-4},
	timestamp = {Tue, 16 May 2017 14:01:46 +0200},
}


